<record><leader>00000cas a22000007a 4500</leader><controlfield tag="001">20850321</controlfield><controlfield tag="008">900105d18521858mouir ne      0    0eng d</controlfield><datafield ind1=" " ind2=" " tag="010"><subfield code="a">sn 89067498 </subfield></datafield><datafield ind1=" " ind2=" " tag="040"><subfield code="a">MQN</subfield><subfield code="b">eng</subfield><subfield code="c">MQN</subfield><subfield code="d">OCLCQ</subfield></datafield><datafield ind1=" " ind2=" " tag="042"><subfield code="a">msc</subfield></datafield><datafield ind1="0" ind2="0" tag="245"><subfield code="a">Tri-weekly messenger.</subfield></datafield><datafield ind1=" " ind2=" " tag="260"><subfield code="a">Hannibal, Mo. :</subfield><subfield code="b">Anderson &amp; League,</subfield><subfield code="c">1852-</subfield></datafield><datafield ind1=" " ind2=" " tag="300"><subfield code="a">v.</subfield></datafield><datafield ind1=" " ind2=" " tag="310"><subfield code="a">Triweekly</subfield></datafield><datafield ind1="0" ind2=" " tag="362"><subfield code="a">Vol. 1, no. 1 (July 15, 1852)-</subfield></datafield><datafield ind1="1" ind2=" " tag="362"><subfield code="a">Ceased in 1858?</subfield></datafield><datafield ind1=" " ind2=" " tag="580"><subfield code="a">Weekly eds.: Whig messenger, July 15, 1852-Apr. 17, 1856, and: Hannibal messenger, Apr. 24, 1856-&lt;Nov. 13, 1858&gt;.</subfield></datafield><datafield ind1=" " ind2=" " tag="752"><subfield code="a">United States</subfield><subfield code="b">Missouri</subfield><subfield code="c">Marion</subfield><subfield code="d">Hannibal.</subfield></datafield><datafield ind1="1" ind2=" " tag="775"><subfield code="t">Whig messenger</subfield><subfield code="w">(DLC)sn 89067491</subfield></datafield><datafield ind1="1" ind2=" " tag="775"><subfield code="t">Hannibal messenger</subfield><subfield code="w">(DLC)sn 89067492</subfield></datafield><datafield ind1="0" ind2="0" tag="785"><subfield code="t">Hannibal daily messenger</subfield><subfield code="w">(DLC)sn 83016979</subfield></datafield></record>